
@online{taller,
    author = "Augusto Salazar",
    title = "Funcionamiento de la memoria de un computador",
    url  = "https://drive.google.com/file/d/1Tkcx4OslgDa9J8Gof7bOGkG_surhh4J9/view",
    addendum = "(accessed: 03.09.2020)",
    keywords = "memoria, RAM, microprocesador"
}

@online{RAM,
    author = "Skeeze",
    title = "Memoria de la computadora",
    url  = "https://pixabay.com/es/photos/memoria-de-la-computadora-fichas-857098/",
    addendum = "(accessed: 05.09.2020)",
    keywords = "RAM"
}

@online{cache,
    author = "Christian Gomez",
    title = "Componentes de una computadora",
    url  = "https://sites.google.com/site/101actividad8gomezchristian/memoria/cache",
    addendum = "(accessed: 05.09.2020)",
    keywords = "cache"
}

@online{virtual,
    author = "Byrev",
    title = "cache equipos de datos digitales",
    url  = "https://pixabay.com/es/photos/cache-equipos-de-datos-digitales-88004/",
    addendum = "(accessed: 05.09.2020)",
    keywords = "HDD"
}

@online{HDD,
    author = "Bohed",
    title = "Unidad de disco duro",
    url  = "https://pixabay.com/es/photos/unidad-de-disco-duro-disco-607461/",
    addendum = "(accessed: 05.09.2020)",
    keywords = "HDD"
}

@online{SSD,
    author = "Coyargil",
    title = "Disco de estado s√≥lido",
    url  = "https://conceptosarquitecturadecomputadoras.wordpress.com/discos-de-estados-solido/",
    addendum = "(accessed: 05.09.2020)",
    keywords = "SSD"
}